@inproceedings{ref1,
    author        = {Jowharah Alshobili and Dina Mahmoud Ibrahim and Amal A. Shargabi},
    title         = {This is A Paper Reference},
    BookTitle     = {The  International Conference on Computer Sciences},
    year          = {2019},
    pages         = {800-820},
    address       = {New York, USA},
    doi           = {http://dx.doi.org/10.1002/andp.19053221004}
}
 
@article{ref2,
    author        = {Dina Mahmoud Ibrahim and Amal A. Shargabi and Jowharah Alshobili},
    title         = {This is A Journal Reference},
    journal       = {The International Journal name},
    year          = {2019},
    volume        = {10},
    number        = {1},
    pages         = {800-812}
    }
@inproceedings{ref3,
  title={Deep face recognition: A survey},
  author={Masi, Iacopo and Wu, Yue and Hassner, Tal and Natarajan, Prem},
  BookTitle={2018 31st SIBGRAPI conference on graphics, patterns and images (SIBGRAPI)},
  pages={471--478},
  year={2018},
  organization={IEEE}
}

@incollection{ref4,
  title={Date palm status and perspective in Saudi Arabia},
  author={Aleid, Salah M and Al-Khayri, Jameel M and Al-Bahrany, Abdulaziz M},
  booktitle={Date palm genetic resources and utilization},
  pages={49--95},
  year={2015},
  publisher={Springer}
}
@article{ref5,
  title={Determinants of Millennials' behavior in online shopping--Implications on consumersâ€™ satisfaction and e-business development},
  author={Melovi{\'c}, Boban and {\v{S}}ehovi{\'c}, Damir and Karad{\v{z}}i{\'c}, Vesna and Dabi{\'c}, Marina and {\'C}irovi{\'c}, Dragana},
  journal={Technology in society},
  volume={65},
  pages={101561},
  year={2021},
  publisher={Elsevier}
}
@article{ref6, 
title={Environment indoor air quality assessment using fuzzy inference system}, 
author={Dionova, Brainvendra Widi and Mohammed, MN and Al-Zubaidi, S and Yusuf, Eddy}, 
journal={ICT Express}, 
volume={6}, 
number={3}, 
pages={185--194}, 
year={2020}, 
publisher={Elsevier} 
}
@article{ref7,
  title={Web-Based Expert System for Diagnosis of Date Palm Diseases},
  author={Galala, K},
  journal={International Journal of Intelligent Computing Research (IJICR)},
  volume={10},
  number={1},
  year={2019}
}
@book{ref8,
    author        = {Amal A. Shargabi and Dina Mahmoud Ibrahim and Jowharah Alshobili},
    title         = {The Title of the book},
    year          = {2019},
    publisher     = {Addison-Wesley},
    edition       = {3}
}

@inproceedings{ref9,
    author        = {Jowharah Alshobili and Dina Mahmoud Ibrahim and Amal A. Shargabi},
    title         = {This is A Paper Reference},
    BookTitle     = {The  International Conference on Computer Sciences},
    year          = {2019},
    pages         = {800-820},
    address       = {New York, USA},
    doi           = {http://dx.doi.org/10.1002/andp.19053221004}
}
 
@article{ref10,
    author        = {Dina Mahmoud Ibrahim and Amal A. Shargabi and Jowharah Alshobili},
    title         = {This is A Journal Reference},
    journal       = {The International Journal name},
    year          = {2019},
    volume        = {10},
    number        = {1},
    pages         = {800-812}

}

@online{ref11,
author = {Dina M. Ibrahim},
title = {Detecting Pneumonia from Chest X-ray Images using CNN and LSTM},
year = {2018},
url = {https://github.com/Dr-Dina-M-Ibrahim/Deep-Chest-Multi-Classification-Deep-Learning-Model-for-Diagnosing-COVID-19-Pneumonia-and-Lung-Canc},
note = {Accessed: 18.2.2021}
}

@article{ref12,
  title={A Comprehensive Hybrid Bit-level and Packet-level LoRa-LPWAN Simulation Model},
  author={El-Aasser, Minar and Edwarda, Phoebe and Mandoura, Mohamed and Ashoura, Mohamed and Elshabrawya, Tallal},
  journal={Internet of Things},
  pages={100386},
  year={2021},
  publisher={Elsevier}
}
